<?xml version="1.0" encoding="UTF-8"?><collection xmlns="http://www.loc.gov/MARC21/slim"><record><leader>00313nam--2200121-i-4500</leader><controlfield tag="001">000046138</controlfield><controlfield tag="002">20161230</controlfield><controlfield tag="005">20161230201045</controlfield><controlfield tag="008">060222s1000------------r-----000-0-eng-d</controlfield><datafield ind1=" " ind2=" " tag="100"><subfield code="a">Vfailiev,M. Si Guscev,S</subfield></datafield><datafield ind1=" " ind2=" " tag="245"><subfield code="a">Reportaj din secolul al xxi-lea</subfield></datafield><datafield ind1=" " ind2=" " tag="260"><subfield code="a">Bucuresti, Ed.Tineretului, 1960. 246 P</subfield></datafield><datafield ind1=" " ind2=" " tag="852"><subfield code="a">6898</subfield></datafield></record></collection>